<?xml version="1.0" encoding="UTF-8"?><collection xmlns="http://www.loc.gov/MARC21/slim"><record><leader>00554nam--2200181-u-4500</leader><controlfield tag="001">000056700</controlfield><controlfield tag="002">20161230</controlfield><controlfield tag="005">20170128000650</controlfield><controlfield tag="008">160413s1000------------r-----000-0-fra-d</controlfield><datafield ind1=" " ind2=" " tag="040"><subfield code="a">IFIN-HH</subfield></datafield><datafield ind1=" " ind2=" " tag="041"><subfield code="a">fre</subfield></datafield><datafield ind1="1" ind2=" " tag="100"><subfield code="a">De Broglie, Louis</subfield></datafield><datafield ind1="1" ind2="0" tag="245"><subfield code="a">Etude critique des bases de l'interpretation actuelle de la mecanique ondulatoire</subfield><subfield code="c">Louis de Borges</subfield></datafield><datafield ind1=" " ind2=" " tag="260"><subfield code="a">Paris</subfield><subfield code="b">Gauthier-Villars</subfield><subfield code="c">1963</subfield></datafield><datafield ind1=" " ind2=" " tag="300"><subfield code="a">98 p</subfield></datafield><datafield ind1=" " ind2=" " tag="490"><subfield code="a">Traite de physique theorique et de physique mathematique. XXI</subfield></datafield><datafield ind1=" " ind2=" " tag="852"><subfield code="a">10381</subfield><subfield code="c">530.1</subfield></datafield><datafield ind1=" " ind2=" " tag="CAT"><subfield code="a">SYS</subfield><subfield code="c">20170128</subfield><subfield code="h">000650</subfield></datafield></record></collection>